@online{hemmert,
	author = {Tilo Hemmert},
	ALTeditor = {editor},
	title = {Emission und Absorption},
	date = {2000},
	url = {http://www.physik.uni-wuerzburg.de/video/thermodynamik/t/st12.html},
	OPTsubtitle = {subtitle},
	OPTtitleaddon = {titleaddon},
	OPTlanguage = {language},
	OPTversion = {version},
	OPTnote = {note},
	organization = {Uni WÃ¼rzburg},
	OPTdate = {date},
	OPTmonth = {month},
	OPTyear = {year},
	OPTaddendum = {addendum},
	OPTpubstate = {pubstate},
	OPTurldate = {urldate},
}
@online{hall,
	ALTauthor = {},
	editor = {Infineon},
	title = {KSY44 Datasheet},
	date = {date},
	url = {http://pdf.datasheetcatalog.com/datasheet/infineon/1-ksy44.pdf},
	OPTsubtitle = {subtitle},
	OPTtitleaddon = {titleaddon},
	OPTlanguage = {language},
	OPTversion = {version},
	OPTnote = {note},
	OPTorganization = {},
	OPTdate = {date},
	OPTmonth = {month},
	OPTyear = {year},
	OPTaddendum = {addendum},
	OPTpubstate = {pubstate},
	OPTurldate = {urldate},
}
@online{leybold,
	ALTauthor = {author},
	editor = {Leybold},
	title = {Gebrauchsanweisung Fadenstrahlrohr und Helmholtzspule},
	date = {date},
	url = {http://www.ld-didactic.de/documents/de-DE/GA/GA/5/555/555571d.pdf},
	OPTsubtitle = {subtitle},
	OPTtitleaddon = {titleaddon},
	OPTlanguage = {language},
	OPTversion = {version},
	OPTnote = {note},
	OPTorganization = {organization},
	OPTdate = {date},
	OPTmonth = {month},
	OPTyear = {year},
	OPTaddendum = {addendum},
	OPTpubstate = {pubstate},
	OPTurldate = {urldate},
}

@online{kind,
	author = {Peter Kind},
	ALTeditor = {editor},
	title = {Messung von Magnetfeldern mit der Hallsonde},
	date = {date},
	url = {http://www.atlas.uni-wuppertal.de/~kind/E2.pdf},
	OPTsubtitle = {subtitle},
	OPTtitleaddon = {titleaddon},
	OPTlanguage = {language},
	OPTversion = {version},
	OPTnote = {note},
	OPTorganization = {organization},
	OPTdate = {date},
	OPTmonth = {month},
	OPTyear = {year},
	OPTaddendum = {addendum},
	OPTpubstate = {pubstate},
	OPTurldate = {urldate},
}
